This file was created with JabRef 2.2.
Encoding: Cp1252

@ARTICLE{shortLap,
  author = {R. Jonker and A. Volgenant},
  title = {A shortest augmenting path algorithm for dense and sparse linear
	assignment problems},
  journal = {Computing},
  year = {1987},
  volume = {38},
  pages = {325--340},
  number = {4},
  address = {New York, NY, USA},
  doi = {http://dx.doi.org/10.1007/BF02278710},
  issn = {0010-485X},
  publisher = {Springer-Verlag New York, Inc.}
}

@ARTICLE{Pis95Mcknap,
  author = {D. Pisinger},
  title = {A minimal algorithm for the Multiple-choice Knapsack Problem},
  journal = {European Journal of Operational Research},
  year = {1995},
  volume = {83},
  pages = {394--410}
}

@ARTICLE{ceselli,
  author = {Alberto Ceselli Giovanni Righini},
  title = {A branch-and-price algorithm for the multilivel generalized assignment
	problem},
  journal = {Operations research},
  year = {2006},
  volume = {54},
  pages = {1172-1184},
  owner = {Massimo},
  timestamp = {2007.04.05}
}

@ARTICLE{SCAP,
  author = {P.M.D. Lieshout A. Volgenant},
  title = {A branch-and-bound algorithm for the singly constraind assignement
	problem},
  journal = {European Journal of Operational Research},
  year = {2005},
  volume = {176},
  pages = {151-164},
  owner = {Massimo},
  timestamp = {2007.02.16}
}

